@article{chen2002quality,
  title={On the quality of service of failure detectors},
  author={Chen, Wei and Toueg, Sam and Aguilera, Marcos Kawazoe},
  journal={IEEE Transactions on computers},
  volume={51},
  number={5},
  pages={561--580},
  year={2002},
  publisher={IEEE}
}

@inproceedings{felber1999failure,
  title={Failure detectors as first class objects},
  author={Felber, Pascal and D{\'e}fago, Xavier and Guerraoui, Rachid and Oser, Philipp},
  booktitle={Distributed Objects and Applications, 1999. Proceedings of the International Symposium on},
  pages={132--141},
  year={1999},
  organization={IEEE}
}

@article{chandra1996unreliable,
  title={Unreliable failure detectors for reliable distributed systems},
  author={Chandra, Tushar Deepak and Toueg, Sam},
  journal={Journal of the ACM (JACM)},
  volume={43},
  number={2},
  pages={225--267},
  year={1996},
  publisher={ACM}
}

@inproceedings{hayashibara2004varphi,
  title={The $\varphi$ accrual failure detector},
  author={Hayashibara, Naohiro and Defago, Xavier and Yared, Rami and Katayama, Takuya},
  booktitle={Reliable Distributed Systems, 2004. Proceedings of the 23rd IEEE International Symposium on},
  pages={66--78},
  year={2004},
  organization={IEEE}
}

@inproceedings{satzger2007new,
  title={A new adaptive accrual failure detector for dependable distributed systems},
  author={Satzger, Benjamin and Pietzowski, Andreas and Trumler, Wolfgang and Ungerer, Theo},
  booktitle={Proceedings of the 2007 ACM symposium on Applied computing},
  pages={551--555},
  year={2007},
  organization={ACM}
}

@inproceedings{bertier2002implementation,
  title={Implementation and performance evaluation of an adaptable failure detector},
  author={Bertier, Marin and Marin, Olivier and Sens, Pierre},
  booktitle={Dependable Systems and Networks, 2002. DSN 2002. Proceedings. International Conference on},
  pages={354--363},
  year={2002},
  organization={IEEE}
}

@inproceedings{van1998gossip,
  title={A gossip-style failure detection service},
  author={Van Renesse, Robbert and Minsky, Yaron and Hayden, Mark},
  booktitle={Middleware¡¯98},
  pages={55--70},
  year={1998},
  organization={Springer}
}

@inproceedings{bahl2007towards,
  title={Towards highly reliable enterprise network services via inference of multi-level dependencies},
  author={Bahl, Paramvir and Chandra, Ranveer and Greenberg, Albert and Kandula, Srikanth and Maltz, David A and Zhang, Ming},
  booktitle={ACM SIGCOMM Computer Communication Review},
  volume={37},
  number={4},
  pages={13--24},
  year={2007},
  organization={ACM}
}

@inproceedings{herodotou2014scalable,
  title={Scalable near real-time failure localization of data center networks},
  author={Herodotou, Herodotos and Ding, Bolin and Balakrishnan, Shobana and Outhred, Geoff and Fitter, Percy},
  booktitle={Proceedings of the 20th ACM SIGKDD international conference on Knowledge discovery and data mining},
  pages={1689--1698},
  year={2014},
  organization={ACM}
}

@inproceedings{gill2011understanding,
  title={Understanding network failures in data centers: measurement, analysis, and implications},
  author={Gill, Phillipa and Jain, Navendu and Nagappan, Nachiappan},
  booktitle={ACM SIGCOMM Computer Communication Review},
  volume={41},
  number={4},
  pages={350--361},
  year={2011},
  organization={ACM}
}

@inproceedings{greenberg2009vl2,
  title={VL2: a scalable and flexible data center network},
  author={Greenberg, Albert and Hamilton, James R and Jain, Navendu and Kandula, Srikanth and Kim, Changhoon and Lahiri, Parantap and Maltz, David A and Patel, Parveen and Sengupta, Sudipta},
  booktitle={ACM SIGCOMM computer communication review},
  volume={39},
  number={4},
  pages={51--62},
  year={2009},
  organization={ACM}
}

@inproceedings{kandula2005shrink,
  title={Shrink: A tool for failure diagnosis in IP networks},
  author={Kandula, Srikanth and Katabi, Dina and Vasseur, Jean-Philippe},
  booktitle={Proceedings of the 2005 ACM SIGCOMM workshop on Mining network data},
  pages={173--178},
  year={2005},
  organization={ACM}
}

@article{rumelhart1988learning,
  title={Learning representations by back-propagating errors},
  author={Rumelhart, David E and Hinton, Geoffrey E and Williams, Ronald J},
  journal={Cognitive modeling},
  volume={5},
  number={3},
  pages={1},
  year={1988}
}

@article{henderson2008network,
  title={Network simulations with the ns-3 simulator},
  author={Henderson, Thomas R and Lacage, Mathieu and Riley, George F and Dowell, C and Kopena, J},
  journal={SIGCOMM demonstration},
  volume={15},
  pages={17},
  year={2008}
}

@article{radev2002evaluating,
  title={Evaluating web-based question answering systems},
  author={Radev, Dragomir R and Qi, Hong and Wu, Harris and Fan, Weiguo},
  journal={Ann Arbor},
  volume={1001},
  pages={48109},
  year={2002}
}

@article{mogotsi2010christopher,
  title={Christopher d. manning, prabhakar raghavan, and hinrich sch{\"u}tze: Introduction to information retrieval},
  author={Mogotsi, IC},
  journal={Information Retrieval},
  volume={13},
  number={2},
  pages={192--195},
  year={2010},
  publisher={Springer}
}

@article{shannon2001mathematical,
  title={A mathematical theory of communication},
  author={Shannon, Claude Elwood},
  journal={ACM SIGMOBILE Mobile Computing and Communications Review},
  volume={5},
  number={1},
  pages={3--55},
  year={2001},
  publisher={ACM}
}

@book{scholkopf1999advances,
  title={Advances in kernel methods: support vector learning},
  author={Sch{\"o}lkopf, Bernhard and Burges, Christopher JC},
  year={1999},
  publisher={MIT press}
}

@book{quinlan2014c4,
  title={C4. 5: programs for machine learning},
  author={Quinlan, J Ross},
  year={2014},
  publisher={Elsevier}
}

@book{jensen1996introduction,
  title={An introduction to Bayesian networks},
  author={Jensen, Finn V},
  volume={210},
  year={1996},
  publisher={UCL press London}
}

@inproceedings{tomsic20152w,
  title={2w-fd: A failure detector algorithm with qos},
  author={Tomsic, Alejandro and Sens, Pierre and Garcia, Joao and Arantes, Luciana and Sopena, Julien},
  booktitle={Parallel and Distributed Processing Symposium (IPDPS), 2015 IEEE International},
  pages={885--893},
  year={2015},
  organization={IEEE}
}

@inproceedings{gillen2007scalable,
  title={Scalable, adaptive, time-bounded node failure detection},
  author={Gillen, Matthew and Rohloff, Kurt and Manghwani, Prakash and Schantz, Richard},
  booktitle={High Assurance Systems Engineering Symposium, 2007. HASE'07. 10th IEEE},
  pages={179--186},
  year={2007},
  organization={IEEE}
}

@inproceedings{xu2012smart,
  title={Smart Ring: A Model of Node Failure Detection in High Available Cloud Data Center},
  author={Xu, Lei and Chen, Wenzhi and Wang, Zonghui and Ni, Huafei and Wu, Jiajie},
  booktitle={IFIP International Conference on Network and Parallel Computing},
  pages={279--288},
  year={2012},
  organization={Springer}
}

@inproceedings{xu2012smart,
  title={Smart Ring: A Model of Node Failure Detection in High Available Cloud Data Center},
  author={Xu, Lei and Chen, Wenzhi and Wang, Zonghui and Ni, Huafei and Wu, Jiajie},
  booktitle={IFIP International Conference on Network and Parallel Computing},
  pages={279--288},
  year={2012},
  organization={Springer}
}

@book{DBLP:series/sbcs/LiuMVLH13,
  author    = {Yang Liu and
               Jogesh K. Muppala and
               Malathi Veeraraghavan and
               Dong Lin and
               Mounir Hamdi},
  title     = {Data Center Networks - Topologies, Architectures and Fault-Tolerance
               Characteristics},
  series    = {Springer Briefs in Computer Science},
  publisher = {Springer},
  year      = {2013},
  url       = {http://dx.doi.org/10.1007/978-3-319-01949-9},
  doi       = {10.1007/978-3-319-01949-9},
  isbn      = {978-3-319-01948-2},
  timestamp = {Tue, 26 Nov 2013 16:42:48 +0100},
  biburl    = {http://dblp.uni-trier.de/rec/bib/series/sbcs/LiuMVLH13},
  bibsource = {dblp computer science bibliography, http://dblp.org}
}

